@article{badusb,
  title   = {BadUSB-On accessories that turn evil},
  author  = {Nohl, Karsten and Lell, Jakob},
  journal = {Black Hat USA},
  volume  = {1},
  number  = {9},
  pages   = {1--22},
  year    = {2014}
}
@manual{usb10,
	title  = {Universal Serial Bus Specification, Revision 1.0},
	author = {Compaq and Digital Equipment Corporation and IBM PC Company and Intel and Microsoft and NEC and Northern Telecom.},
	year   = {1996},
	month  = {January}
}

@manual{usb11,
	title  = {Universal Serial Bus Specification, Revision 1.1},
	author = {Compaq and Digital Equipment Corporation and IBM PC Company and Intel and Microsoft and NEC and Northern Telecom.},
	year   = {1998},
	month  = {September}
}
@manual{usb20,
	title  = {Universal Serial Bus Specification, Revision 2.0},
	author = {Compaq and Digital Equipment Corporation and IBM PC Company and Intel and Microsoft and NEC and Northern Telecom.},
	year   = {2000},
	month  = {April}
}
@misc{usb30,
	title     = {Universal Serial Bus 3.0 Specification},
	author    = {HP, Intel and others},
	year      = {2008},
	publisher = {2008, July 30}
}

@misc{usb31,
	title     = {Universal Serial Bus 3.1 Specification},
	author    = {HP, Intel and others},
	year      = {2013},
	publisher = {2013, July}
}

@misc{usb32,
	title     = {Universal Serial Bus 3.2 Specification},
	author    = {Apple, Hewlett-Packard, Intel, Microsoft, Renesas, STMicroelectronics  and  Texas  Instruments.},
	year      = {2017},
	publisher = {2017, September}
}