@article{CGF1,
	author    = {Marcel B{\"{o}}hme and
	Van{-}Thuan Pham and
	Abhik Roychoudhury},
	title     = {Coverage-Based Greybox Fuzzing as Markov Chain},
	journal   = {{IEEE} Trans. Software Eng.},
	volume    = {45},
	number    = {5},
	pages     = {489--506},
	year      = {2019},
	url       = {https://doi.org/10.1109/TSE.2017.2785841},
	doi       = {10.1109/TSE.2017.2785841},
	timestamp = {Fri, 31 May 2019 09:51:12 +0200}
}